<?xml version='1.0' encoding='utf-8'?>
<record xmlns="http://www.loc.gov/MARC21/slim" xmlns:xsi="http://www.w3.org/2001/XMLSchema-instance">
  <leader>00000npcaa22^^^^^^a^4500</leader>
  <controlfield tag="001">005256856</controlfield>
  <controlfield tag="005">20070406084534.0</controlfield>
  <controlfield tag="008">060811i18921962miu^^^^^^^^^^^^^^^^^eng^d</controlfield>
  <datafield tag="035" ind1=" " ind2=" ">
    <subfield code="a">(OCoLC)ocm85778972</subfield>
  </datafield>
  <datafield tag="040" ind1=" " ind2=" ">
    <subfield code="a">MiU-H</subfield>
    <subfield code="c">MiU-H</subfield>
    <subfield code="e">appm</subfield>
  </datafield>
  <datafield tag="100" ind1="1" ind2=" ">
    <subfield code="a">Bode, Emil Ernst,</subfield>
    <subfield code="d">1872-1962.</subfield>
  </datafield>
  <datafield tag="245" ind1="0" ind2="0">
    <subfield code="a">Emil E. Bode papers,</subfield>
    <subfield code="f">1892-1962</subfield>
    <subfield code="g">(bulk 1896-1899).</subfield>
  </datafield>
  <datafield tag="300" ind1=" " ind2=" ">
    <subfield code="a">0.3 linear ft.</subfield>
  </datafield>
  <datafield tag="545" ind1="0" ind2=" ">
    <subfield code="a">Son of Edward Nicolaus Heinrich and Elizabeth Louise Bode, Bode was born in Howell, Michigan, October 26, 1872. He spent his life and career in Howell where he worked as a tailor's apprentice, post office clerk, stenographer, bookkeeper, paymaster, editor, auditor and controller of the Citizens Mutual Auto Insurance Company. Emil retired from the insurance company in 1944.</subfield>
  </datafield>
  <datafield tag="520" ind1="2" ind2=" ">
    <subfield code="a">Letters from life-long friend, Harlow S. Person, economist, mainly in the period before 1900. Harlowe discusses current events, friendships, romantic relationships, matters pertaining to Person's father's tenure as a circuit judge and his experiences as a student (A.M., 1900; Ph.D., 1903) at the University of Michigan, 1896-1902.</subfield>
  </datafield>
  <datafield tag="500" ind1=" " ind2=" ">
    <subfield code="a">Donor: 9474</subfield>
  </datafield>
  <datafield tag="600" ind1="1" ind2="0">
    <subfield code="a">Bode, Emil Ernst,</subfield>
    <subfield code="d">1872-1962.</subfield>
  </datafield>
  <datafield tag="651" ind1=" " ind2="0">
    <subfield code="a">Howell (Mich.)</subfield>
  </datafield>
  <datafield tag="651" ind1=" " ind2="0">
    <subfield code="a">Pompeii (Mich.)</subfield>
  </datafield>
  <datafield tag="610" ind1="2" ind2="0">
    <subfield code="a">University of Michigan</subfield>
    <subfield code="x">Students</subfield>
    <subfield code="x">Social life and customs</subfield>
    <subfield code="y">1891-1900.</subfield>
  </datafield>
  <datafield tag="600" ind1="1" ind2="0">
    <subfield code="a">Person, Harlow S.</subfield>
    <subfield code="q">(Harlow Stafford),</subfield>
    <subfield code="d">1875-1955.</subfield>
  </datafield>
  <datafield tag="700" ind1="1" ind2=" ">
    <subfield code="a">Person, Harlow S.</subfield>
    <subfield code="q">(Harlow Stafford),</subfield>
    <subfield code="d">1875-1955.</subfield>
  </datafield>
  <datafield tag="852" ind1="8" ind2=" ">
    <subfield code="a">MiU-H</subfield>
    <subfield code="b">BENT</subfield>
    <subfield code="h">0690 Aa 2</subfield>
  </datafield>
  <datafield tag="997" ind1=" " ind2=" ">
    <subfield code="a">MARS</subfield>
  </datafield>
  <datafield tag="998" ind1=" " ind2=" ">
    <subfield code="c">BHL: PJD</subfield>
  </datafield>
  <datafield tag="955" ind1=" " ind2=" ">
    <subfield code="b">BENT</subfield>
    <subfield code="p">B2692516</subfield>
  </datafield>
</record>
